@article{Sebesta,
    author  = "Robert W. Sebesta",
    title   = "Conceitos de Linguagens de Programação",
    year    = "2006",
    journal = "Bookman",
    volume  = "1",
    number  = "5",
    pages   = ""
}